@misc{RochaGitHub2025, 
    author = {Rocha, Marco}, 
    title = {GoldenGravity: Developing a new quantum gravity theory with emergent spacetime!}, 
    howpublished = {GitHub Repository \url{https://github.com/marcoloco-crypto/GoldenGravity}}, 
    year = {2025}, 
    note = {Accessed: 2025-06-17} 
}

@misc{GeorgiaFibonacci2025, 
    author = {Georgia}, 
    title = {I Keep Dreaming of the Fibonacci Code}, 
    howpublished = {New Earth Consciousness, Medium. \url{https://medium.com/new-earth-consciousness/i-keep-dreaming-of-the-fibonacci-code-...}}, 
    month = jan, 
    year = {2025}, 
    note = {Published: 2025-01-17; Accessed: 2025-06-17} 
}

@misc{PythonErrors2025, 
    author = {{Python Software Foundation}}, 
    title = {Python 3.13.4 Documentation - Errors and Exceptions}, 
    howpublished = {\url{https://docs.python.org/3/tutorial/errors.html}}, 
    year = {2025}, 
    note = {Accessed: 2025-06-17} 
}

@book{Carroll2004, 
    author = {Carroll, Sean M.}, 
    title = {Spacetime and Geometry: An Introduction to General Relativity}, 
    publisher = {Addison Wesley}, 
    year = {2004}, 
    edition = {1st}, 
    address = {San Francisco, CA} 
}

@article{Furusawa1998, 
    author = {Furusawa, Akira and S{\o}rensen, J. L. and van der Wal, J. F. and Benschop, R. G. and Polzik, E. S. and Kimble, H. J.}, 
    title = {Unconditional quantum teleportation with continuous variables}, 
    journal = {Science}, 
    volume = {279}, 
    number = {5356}, 
    pages = {1667-1670}, 
    year = {1998}, 
    doi = {10.1126/science.279.5356.1667} 
}

@article{Coldea2010, 
    author = {Coldea, R. and Tennant, D. A. and Wheeler, E. M. and Wawrzynska, E. and Prabhakaran, D. and Hong, T. F. and Perring, T. G. and Ohnuma, M. and Caux, J. S. and Nekrasov, S. M. F. and Fujii, K. J.}, 
    title = {Quantum criticality in an Ising chain: Experimental evidence for emergent E8 symmetry}, 
    journal = {Science}, 
    volume = {327}, 
    number = {5962}, 
    pages = {177-180}, 
    year = {2010}, 
    doi = {10.1126/science.1180085} 
}
