% --- References.bib ---
@book{rochaESQET,
    author    = {Rocha, Marco},
    title     = {The ESQET Unified Framework: Spacetime as Coherence},
    publisher = {Academic Preprint Server},
    year      = {2025},
    note      = {Theoretical Dissertation for CERN Submission}
}

@article{penroseHameroff,
    author    = {Penrose, Roger and Hameroff, Stuart},
    title     = {Consciousness in the universe: A review of the 'Orchestrated Objective Reduction' ('Orch OR') theory},
    journal   = {Physics of Life Reviews},
    volume    = {11},
    number    = {1},
    pages     = {39--78},
    year      = {2014}
}

